@article{Giroud2023,
	doi = {10.3389/frwa.2022.1032094},
	url = {https://www.frontiersin.org/journals/water/articles/10.3389/frwa.2022.1032094},
	year = 2023,
	volume = {4},
	author = {Giroud, Sébastien and Tomonaga, Yama and Brennwald, Matthias S. and Takahata, Naoto  and Shibata, Tomo and Sano, Yuji and Kipfer, Rolf },
	title = {New experimental approaches enabling the continuous monitoring of gas species in hydrothermal fluids},
	journal = {Frontiers in Water}
}


@inproceedings{Giroud:Goldschmidt2021,
    author = {Giroud, Sébastien and Tomonaga, Yama and Brennwald, Matthias S. and Kipfer, Rolf},
    title = {{Monitoring dissolved gases in thermal water to assess the potential relation between fluid evolution and seismicity}},
    booktitle = {{Goldschmidt 2021}},
    address = {online},
    eventdate = {2021-07-04/2021-07-09},
    doi = {10.7185/gold2021.7190}
}

@inproceedings{Giroud:Goldschmidt2022,
    author = {Giroud, Sébastien and Tomonaga, Yama and Brennwald, Matthias S. and Kipfer, Rolf},
    title = {{Monitoring dissolved gases in thermal water to assess the potential relation between fluid evolution and seismicity}},
    booktitle = {{Goldschmidt 2022}},
    address = {Honolulu, Hawaii},
    eventdate = {2022-07-10/2022-07-15},
}

@inproceedings{Giroud:JPGU2023,
    author = {Giroud, Sébastien and Tomonaga, Yama and Brennwald, Matthias S. and Kipfer, Rolf},
    title = {{Monitoring dissolved gases in thermal water to assess the potential relation between fluid geochemistry and seismicity}},
    booktitle = {{JPGU 2023}},
    address = {Chiba, Japan},
    eventdate = {2023-05-21/2023-05-26},
}

@inproceedings{Giroud:Goldschmidt2023,
    author = {Giroud, Sébastien and Tomonaga, Yama and Brennwald, Matthias S. and Kipfer, Rolf},
    title = {{Exploring the Potential Correlation between Fluid Evolution and Seismicity through Dissolved Gas Monitoring in Thermal Water}},
    booktitle = {{Goldschmidt 2023}},
    address = {Lyon, France},
    eventdate = {2023-07-09/2023-07-14},
}

@inproceedings{Giroud:IAH2024,
    author = {Giroud, Sébastien and Tomonaga, Yama and Brennwald, Matthias S. and Kipfer, Rolf},
    title = {{Monitoring dissolved gases in deep thermal Alpine waters}},
    booktitle = {{IAH 2024 World Groundwater Congress}},
    address = {Davos, Switzerland},
    eventdate = {2024-09-08/2024-09-13},
}